<?xml version="1.0" encoding="UTF-8"?><collection xmlns="http://www.loc.gov/MARC21/slim"><record><leader>00506nam--2200109-i-4500</leader><controlfield tag="001">000009571</controlfield><controlfield tag="002">20161230</controlfield><controlfield tag="005">20161230201028</controlfield><controlfield tag="008">060222s1000------------r-----000-0-eng-d</controlfield><datafield ind1=" " ind2=" " tag="245"><subfield code="a">Colloque international sur l electronique nucleaire. organise par la societe francaise des electroniciens et de radioelectriciens aavec la participation de l union internationale de physique pure et appliquee, sous la presidence d honneur de mr.francis</subfield></datafield><datafield ind1=" " ind2=" " tag="260"><subfield code="a">Paris, La Documentation Francaise, 1968</subfield></datafield><datafield ind1=" " ind2=" " tag="852"><subfield code="a">539.1.07:621.38</subfield></datafield></record></collection>